@Manual{R-base,
  title = {R: A Language and Environment for Statistical Computing},
  author = {{R Core Team}},
  organization = {R Foundation for Statistical Computing},
  address = {Vienna, Austria},
  year = {2020},
  url = {https://www.R-project.org/},
}

@Manual{R-broom.mixed,
  title = {broom.mixed: Tidying Methods for Mixed Models},
  author = {Ben Bolker and David Robinson},
  year = {2020},
  note = {R package version 0.2.6},
  url = {http://github.com/bbolker/broom.mixed},
}

@Manual{R-buildmer,
  title = {buildmer: Stepwise Elimination and Term Reordering for Mixed-Effects
Regression},
  author = {Cesko C. Voeten},
  year = {2020},
  note = {R package version 1.7.1},
  url = {https://CRAN.R-project.org/package=buildmer},
}

@Manual{R-conflicted,
  title = {conflicted: An Alternative Conflict Resolution Strategy},
  author = {Hadley Wickham},
  year = {2019},
  note = {R package version 1.0.4},
  url = {https://github.com/r-lib/conflicted},
}

@Manual{R-data.table,
  title = {data.table: Extension of `data.frame`},
  author = {Matt Dowle and Arun Srinivasan},
  year = {2020},
  note = {R package version 1.13.0},
  url = {https://CRAN.R-project.org/package=data.table},
}

@Manual{R-devtools,
  title = {devtools: Tools to Make Developing R Packages Easier},
  author = {Hadley Wickham and Jim Hester and Winston Chang},
  year = {2020},
  note = {R package version 2.3.2},
  url = {https://CRAN.R-project.org/package=devtools},
}

@Manual{R-ggplot2,
  title = {ggplot2: Create Elegant Data Visualisations Using the Grammar of Graphics},
  author = {Hadley Wickham and Winston Chang and Lionel Henry and Thomas Lin Pedersen and Kohske Takahashi and Claus Wilke and Kara Woo and Hiroaki Yutani and Dewey Dunnington},
  year = {2020},
  note = {R package version 3.3.2},
  url = {https://CRAN.R-project.org/package=ggplot2},
}

@Manual{R-gt,
  title = {gt: Easily Create Presentation-Ready Display Tables},
  author = {Richard Iannone and Joe Cheng and Barret Schloerke},
  year = {2020},
  note = {R package version 0.2.2},
  url = {https://github.com/rstudio/gt},
}

@Manual{R-gtsummary,
  title = {gtsummary: Presentation-Ready Data Summary and Analytic Result Tables},
  author = {Daniel D. Sjoberg and Margie Hannum and Karissa Whiting and Emily C. Zabor},
  year = {2020},
  note = {R package version 1.3.2},
  url = {https://CRAN.R-project.org/package=gtsummary},
}

@Manual{R-hablar,
  title = {hablar: Non-Astonishing Results in R},
  author = {David Sjoberg},
  year = {2020},
  note = {R package version 0.3.0},
  url = {https://davidsjoberg.github.io/},
}

@Manual{R-here,
  title = {here: A Simpler Way to Find Your Files},
  author = {Kirill Müller},
  year = {2017},
  note = {R package version 0.1},
  url = {https://CRAN.R-project.org/package=here},
}

@Manual{R-knitr,
  title = {knitr: A General-Purpose Package for Dynamic Report Generation in R},
  author = {Yihui Xie},
  year = {2020},
  note = {R package version 1.30},
  url = {https://yihui.org/knitr/},
}

@Manual{R-lme4,
  title = {lme4: Linear Mixed-Effects Models using Eigen and S4},
  author = {Douglas Bates and Martin Maechler and Ben Bolker and Steven Walker},
  year = {2020},
  note = {R package version 1.1-23},
  url = {https://github.com/lme4/lme4/},
}

@Manual{R-lmerTest,
  title = {lmerTest: Tests in Linear Mixed Effects Models},
  author = {Alexandra Kuznetsova and Per {Bruun Brockhoff} and Rune {Haubo Bojesen Christensen}},
  year = {2020},
  note = {R package version 3.1-2},
  url = {https://github.com/runehaubo/lmerTestR},
}

@Manual{R-memisc,
  title = {memisc: Management of Survey Data and Presentation of Analysis Results},
  author = {Martin Elff},
  year = {2020},
  note = {R package version 0.99.25.6},
  url = {https://CRAN.R-project.org/package=memisc},
}

@Manual{R-nlme,
  title = {nlme: Linear and Nonlinear Mixed Effects Models},
  author = {José Pinheiro and Douglas Bates and {R-core}},
  year = {2020},
  note = {R package version 3.1-148},
  url = {https://svn.r-project.org/R-packages/trunk/nlme},
}

@Manual{R-officer,
  title = {officer: Manipulation of Microsoft Word and PowerPoint Documents},
  author = {David Gohel},
  year = {2020},
  note = {R package version 0.3.14},
  url = {https://davidgohel.github.io/officer/},
}

@Manual{R-papaja,
  title = {papaja: Prepare reproducible APA journal articles with R Markdown},
  author = {Frederik Aust and Marius Barth},
  year = {2020},
  note = {R package version 0.1.0.9997},
  url = {https://github.com/crsh/papaja},
}

@Manual{R-plm,
  title = {plm: Linear Models for Panel Data},
  author = {Yves Croissant and Giovanni Millo and Kevin Tappe},
  year = {2020},
  note = {R package version 2.2-4},
  url = {https://CRAN.R-project.org/package=plm},
}

@Manual{R-psych,
  title = {psych: Procedures for Psychological, Psychometric, and Personality
Research},
  author = {William Revelle},
  year = {2020},
  note = {R package version 1.9.12.31},
  url = {https://personality-project.org/r/psych
https://personality-project.org/r/psych-manual.pdf},
}

@Manual{R-readr,
  title = {readr: Read Rectangular Text Data},
  author = {Hadley Wickham and Jim Hester and Romain Francois},
  year = {2018},
  note = {R package version 1.3.1},
  url = {https://CRAN.R-project.org/package=readr},
}

@Manual{R-reshape,
  title = {reshape: Flexibly Reshape Data},
  author = {Hadley Wickham},
  year = {2018},
  note = {R package version 0.8.8},
  url = {http://had.co.nz/reshape},
}

@Manual{R-robustlmm,
  title = {robustlmm: Robust Linear Mixed Effects Models},
  author = {Manuel Koller},
  year = {2019},
  note = {R package version 2.3},
  url = {https://github.com/kollerma/robustlmm},
}

@Manual{R-sjlabelled,
  title = {sjlabelled: Labelled Data Utility Functions},
  author = {Daniel Lüdecke},
  year = {2020},
  note = {R package version 1.1.5},
  url = {https://strengejacke.github.io/sjlabelled},
}

@Manual{R-sjmisc,
  title = {sjmisc: Data and Variable Transformation Functions},
  author = {Daniel Lüdecke},
  year = {2020},
  note = {R package version 2.8.5},
  url = {https://strengejacke.github.io/sjmisc},
}

@Manual{R-sjPlot,
  title = {sjPlot: Data Visualization for Statistics in Social Science},
  author = {Daniel Lüdecke},
  year = {2020},
  note = {R package version 2.8.4},
  url = {https://strengejacke.github.io/sjPlot/},
}

@Manual{R-snakecase,
  title = {snakecase: Convert Strings into any Case},
  author = {Malte Grosser},
  year = {2019},
  note = {R package version 0.11.0},
  url = {https://github.com/Tazinho/snakecase},
}

@Manual{R-summarytools,
  title = {summarytools: Tools to Quickly and Neatly Summarize Data},
  author = {Dominic Comtois},
  year = {2020},
  note = {R package version 0.9.6},
  url = {https://github.com/dcomtois/summarytools},
}

@Manual{R-tidyverse,
  title = {tidyverse: Easily Install and Load the Tidyverse},
  author = {Hadley Wickham},
  year = {2019},
  note = {R package version 1.3.0},
  url = {https://CRAN.R-project.org/package=tidyverse},
}

@Manual{R-webshot,
  title = {webshot: Take Screenshots of Web Pages},
  author = {Winston Chang},
  year = {2019},
  note = {R package version 0.5.2},
  url = {https://github.com/wch/webshot/},
}

@Manual{R-xtable,
  title = {xtable: Export Tables to LaTeX or HTML},
  author = {David B. Dahl and David Scott and Charles Roosen and Arni Magnusson and Jonathan Swinton},
  year = {2019},
  note = {R package version 1.8-4},
  url = {http://xtable.r-forge.r-project.org/},
}

@Book{ggplot22016,
  author = {Hadley Wickham},
  title = {ggplot2: Elegant Graphics for Data Analysis},
  publisher = {Springer-Verlag New York},
  year = {2016},
  isbn = {978-3-319-24277-4},
  url = {https://ggplot2.tidyverse.org},
}

@Book{knitr2015,
  title = {Dynamic Documents with {R} and knitr},
  author = {Yihui Xie},
  publisher = {Chapman and Hall/CRC},
  address = {Boca Raton, Florida},
  year = {2015},
  edition = {2nd},
  note = {ISBN 978-1498716963},
  url = {https://yihui.org/knitr/},
}

@InCollection{knitr2014,
  booktitle = {Implementing Reproducible Computational Research},
  editor = {Victoria Stodden and Friedrich Leisch and Roger D. Peng},
  title = {knitr: A Comprehensive Tool for Reproducible Research in {R}},
  author = {Yihui Xie},
  publisher = {Chapman and Hall/CRC},
  year = {2014},
  note = {ISBN 978-1466561595},
  url = {http://www.crcpress.com/product/isbn/9781466561595},
}

@Article{lme42015,
  title = {Fitting Linear Mixed-Effects Models Using {lme4}},
  author = {Douglas Bates and Martin M{\"a}chler and Ben Bolker and Steve Walker},
  journal = {Journal of Statistical Software},
  year = {2015},
  volume = {67},
  number = {1},
  pages = {1--48},
  doi = {10.18637/jss.v067.i01},
}

@Article{lmerTest2017,
  title = {{lmerTest} Package: Tests in Linear Mixed Effects Models},
  author = {Alexandra Kuznetsova and Per B. Brockhoff and Rune H. B. Christensen},
  journal = {Journal of Statistical Software},
  year = {2017},
  volume = {82},
  number = {13},
  pages = {1--26},
  doi = {10.18637/jss.v082.i13},
}

@Book{plm2018,
  title = {Panel Data Econometrics with {R}: the {plm} package},
  author = {Yves Croissant and Giovanni Millo},
  publisher = {Wiley},
  year = {2018},
}

@Article{plm2008,
  title = {Panel Data Econometrics in {R}: The {plm} Package},
  author = {Yves Croissant and Giovanni Millo},
  journal = {Journal of Statistical Software},
  year = {2008},
  volume = {27},
  number = {2},
  pages = {1--43},
  doi = {10.18637/jss.v027.i02},
}

@Article{plm2017,
  title = {Robust Standard Error Estimators for Panel Models: A Unifying Approach},
  author = {Giovanni Millo},
  journal = {Journal of Statistical Software},
  year = {2017},
  volume = {82},
  number = {3},
  pages = {1--27},
  doi = {10.18637/jss.v082.i03},
}

@Article{reshape2007,
  author = {Hadley Wickham},
  journal = {Journal of Statistical Software},
  number = {12},
  title = {Reshaping data with the reshape package},
  url = {http://www.jstatsoft.org/v21/i12/paper},
  volume = {21},
  year = {2007},
}

@Article{robustlmm2016,
  title = {{robustlmm}: An {R} Package for Robust Estimation of Linear Mixed-Effects Models},
  author = {Manuel Koller},
  journal = {Journal of Statistical Software},
  year = {2016},
  volume = {75},
  number = {6},
  pages = {1--24},
  doi = {10.18637/jss.v075.i06},
}

@Manual{sjlabelled2020,
  title = {sjlabelled: Labelled Data Utility Functions (Version 1.1.5)},
  author = {Daniel Lüdecke},
  year = {2020},
  url = {https://CRAN.R-project.org/package=sjlabelled},
  doi = {10.5281/zenodo.1249215},
}

@Article{sjmisc2018,
  title = {sjmisc: Data and Variable Transformation Functions.},
  volume = {3},
  doi = {10.21105/joss.00754},
  number = {26},
  journal = {Journal of Open Source Software},
  author = {Daniel Lüdecke},
  year = {2018},
  pages = {754},
}

@Article{tidyverse2019,
  title = {Welcome to the {tidyverse}},
  author = {Hadley Wickham and Mara Averick and Jennifer Bryan and Winston Chang and Lucy D'Agostino McGowan and Romain François and Garrett Grolemund and Alex Hayes and Lionel Henry and Jim Hester and Max Kuhn and Thomas Lin Pedersen and Evan Miller and Stephan Milton Bache and Kirill Müller and Jeroen Ooms and David Robinson and Dana Paige Seidel and Vitalie Spinu and Kohske Takahashi and Davis Vaughan and Claus Wilke and Kara Woo and Hiroaki Yutani},
  year = {2019},
  journal = {Journal of Open Source Software},
  volume = {4},
  number = {43},
  pages = {1686},
  doi = {10.21105/joss.01686},
}

